@article{freedman2013,
author = "Richard G. Freedman and Philip Thomas",
institution = "University of Massachusetts Amherst",
month = "Jun",
year = "2013",
title = "A Super Brief, Yet Super Awesome, LaTeX Cheat Sheet"
}

@misc{latexdocumentation,
title = "LaTeX Documentation",
howpublished = "https://www.latex-project.org/help/documentation/"
}

@misc{chang2014,
title = "LaTeX Cheat Sheet",
howpublished = "https://wch.github.io/latexsheet/",
author = "Winston Chang",
year = "2014"
}
